% Encoding: UTF-8

@inproceedings{macaques,
	author		= {Leonard, Daniel Glenn},
	title		= {Behavioral changes to anthropogenic environments in two species of macaque},
	eventdate   = {2019-12-13},
	date        = {2019-12-13},
% 	year		= {2019},
	eventtitle	= {Senior Capstone Seminar},
	organization    = {Department of Anthropology, University of Illinois},
}

@inproceedings{capuchins,
	author		= {Leonard, Daniel Glenn},
	title		= {Social Spacing and Subgrouping in One Community of White-faced Capuchins (\emph{Cebus capucinus})},
	eventdate   = {2019-04-18},
	date        = {2019-04-18},
% 	year		= {2019},
	eventtitle	= {Undergraduate Research Symposium},
	organization	= {University of Illinois},
    venue       = {Illini Union},
}

@inproceedings{mombasa-illinois,
	author		= {Leonard, Daniel Glenn},
	title		= {Challenges Faced Following Termination of Persons with Disabilities from a Segregated Workshop in {Mombasa, Kenya}},
	eventdate   = {2019-04-18},
	date        = {2019-04-18},
% 	year		= {2019},
	eventtitle	= {Undergraduate Research Symposium},
	organization	= {University of Illinois},
    venue       = {Illini Union},
}

@inproceedings{mombasa-minnesota,
	author		= {Leonard, Daniel Glenn},
	title		= {Challenges Faced Following Termination of Persons with Disabilities from a Segregated Workshop in {Mombasa, Kenya}},
	eventdate	= {2019-04-25},
	date		= {2019-04-25},
	eventtitle	= {Undergraduate Research Symposium},
	organization	= {University of Minnesota},
	venue		= {Northrop Atrium},
    url			= {https://hdl.handle.net/11299/203028},
}
